<?xml version="1.0" encoding="UTF-8"?>
<!DOCTYPE html PUBLIC "-//W3C//DTD XHTML 1.0 Transitional//EN"
    "http://www.w3.org/TR/xhtml1/DTD/xhtml1-transitional.dtd">
<html xmlns="http://www.w3.org/1999/xhtml" xml:lang="en" lang="en">
 <head>
  <title>
</title>
<meta http-equiv="Content-Type" content="text/html;charset=utf-8" />
  <meta name='ocr-system' content='tesseract 3.04.00' />
  <meta name='ocr-capabilities' content='ocr_page ocr_carea ocr_par ocr_line ocrx_word'/>
</head>
<body>
  <div class='ocr_page' id='page_1' title='image "./legessaxonumundl00schwuoft_0019.png"; bbox 0 0 2164 3424; ppageno 0'>
   <div class='ocr_carea' id='block_1_1' title="bbox 215 1191 249 1216">
    <p class='ocr_par' dir='ltr' id='par_1_1' title="bbox 215 1191 249 1216">
     <span class='ocr_line' id='line_1_1' title="bbox 215 1191 249 1216; baseline 0 0"><span class='ocrx_word' id='word_1_1' title='bbox 215 1191 249 1216; x_wconf 88' lang='grc'>10</span> 
     </span>
    </p>
   </div>
   <div class='ocr_carea' id='block_1_2' title="bbox 179 2034 251 2082">
    <p class='ocr_par' dir='ltr' id='par_1_2' title="bbox 179 2034 251 2082">
     <span class='ocr_line' id='line_1_2' title="bbox 179 2034 251 2082; baseline 0.014 -1"><span class='ocrx_word' id='word_1_2' title='bbox 179 2034 251 2082; x_wconf 26' lang='lat'>*25</span> 
     </span>
    </p>
   </div>
   <div class='ocr_carea' id='block_1_3' title="bbox 213 2347 250 2373">
    <p class='ocr_par' dir='ltr' id='par_1_3' title="bbox 213 2347 250 2373">
     <span class='ocr_line' id='line_1_3' title="bbox 213 2347 250 2373; baseline -0.027 0"><span class='ocrx_word' id='word_1_3' title='bbox 213 2347 250 2373; x_wconf 88' lang='grc'>30</span> 
     </span>
    </p>
   </div>
   <div class='ocr_carea' id='block_1_4' title="bbox 214 2633 251 2660">
    <p class='ocr_par' dir='ltr' id='par_1_4' title="bbox 214 2633 251 2660">
     <span class='ocr_line' id='line_1_4' title="bbox 214 2633 251 2660; baseline 0.027 -1"><span class='ocrx_word' id='word_1_4' title='bbox 214 2633 251 2660; x_wconf 87' lang='grc'>35</span> 
     </span>
    </p>
   </div>
   <div class='ocr_carea' id='block_1_5' title="bbox 521 231 1768 305">
    <p class='ocr_par' dir='ltr' id='par_1_5' title="bbox 521 231 1768 305">
     <span class='ocr_line' id='line_1_5' title="bbox 521 231 1768 305; baseline 0.007 -11"><span class='ocrx_word' id='word_1_5' title='bbox 521 238 686 295; x_wconf 49' lang='lat' dir='ltr'><strong>INDEX*</strong></span> <span class='ocrx_word' id='word_1_6' title='bbox 699 259 788 295; x_wconf 89' lang='lat' dir='ltr'>DES</span> <span class='ocrx_word' id='word_1_7' title='bbox 814 259 990 295; x_wconf 80' lang='lat' dir='ltr'><strong>CODEX·</strong></span> <span class='ocrx_word' id='word_1_8' title='bbox 1001 231 1525 297; x_wconf 61' lang='lat' dir='ltr'><strong>SPANGENBERGIANUs.</strong></span> <span class='ocrx_word' id='word_1_9' title='bbox 1716 239 1768 305; x_wconf 94' lang='grc'>15</span> 
     </span>
    </p>
   </div>
   <div class='ocr_carea' id='block_1_6' title="bbox 366 575 1676 657">
    <p class='ocr_par' dir='ltr' id='par_1_6' title="bbox 366 575 1771 673">
     <span class='ocr_line' id='line_1_6' title="bbox 366 575 1676 657; baseline 0.001 -3"><span class='ocrx_word' id='word_1_10' title='bbox 366 609 578 654; x_wconf 88' lang='lat' dir='ltr'><strong><em>INDEX</em></strong></span> <span class='ocrx_word' id='word_1_11' title='bbox 602 609 727 653; x_wconf 87' lang='lat' dir='ltr'>DES</span> <span class='ocrx_word' id='word_1_12' title='bbox 761 610 969 654; x_wconf 84' lang='lat' dir='ltr'><strong>GODEX</strong></span> <span class='ocrx_word' id='word_1_13' title='bbox 997 575 1676 657; x_wconf 70' lang='lat' dir='ltr'><strong>SPANGENBERGIAEVUS.</strong></span> 
     </span>
    </p>
   </div>
   <div class='ocr_carea' id='block_1_7' title="bbox 329 714 1770 2906">
    <p class='ocr_par' dir='ltr' id='par_1_7' title="bbox 329 714 1770 2906">
     <span class='ocr_line' id='line_1_7' title="bbox 502 714 943 757; baseline 0 -2"><span class='ocrx_word' id='word_1_14' title='bbox 502 714 536 756; x_wconf 90' lang='lat' dir='ltr'>I.</span> <span class='ocrx_word' id='word_1_15' title='bbox 568 714 637 755; x_wconf 89' lang='lat' dir='ltr'>De</span> <span class='ocrx_word' id='word_1_16' title='bbox 667 714 756 756; x_wconf 89' lang='lat' dir='ltr'>ictu</span> <span class='ocrx_word' id='word_1_17' title='bbox 786 714 943 757; x_wconf 88' lang='lat' dir='ltr'>nobilis</span> 
     </span>
     <span class='ocr_line' id='line_1_8' title="bbox 478 772 948 815; baseline 0.004 -2"><span class='ocrx_word' id='word_1_18' title='bbox 478 772 537 813; x_wconf 90' lang='grc' dir='ltr'>ΙΙ.</span> <span class='ocrx_word' id='word_1_19' title='bbox 560 772 700 813; x_wconf 89' lang='lat' dir='ltr'>Livor</span> <span class='ocrx_word' id='word_1_20' title='bbox 731 776 775 814; x_wconf 90' lang='lat' dir='ltr'>et</span> <span class='ocrx_word' id='word_1_21' title='bbox 805 777 948 815; x_wconf 90' lang='lat' dir='ltr'>tumor</span> 
     </span>
     <span class='ocr_line' id='line_1_9' title="bbox 455 829 949 886; baseline 0.002 -16"><span class='ocrx_word' id='word_1_22' title='bbox 455 829 537 871; x_wconf 88' lang='lat' dir='ltr'>HI.</span> <span class='ocrx_word' id='word_1_23' title='bbox 571 829 616 871; x_wconf 88' lang='lat' dir='ltr'>Si</span> <span class='ocrx_word' id='word_1_24' title='bbox 647 831 878 885; x_wconf 82' lang='lat' dir='ltr'><strong>sanguinat</strong></span> <span class='ocrx_word' id='word_1_25' title='bbox 946 884 949 886; x_wconf 85' lang='lat'><strong>.</strong></span> 
     </span>
     <span class='ocr_line' id='line_1_10' title="bbox 454 885 915 942; baseline 0.002 -14"><span class='ocrx_word' id='word_1_26' title='bbox 454 886 531 929; x_wconf 93' lang='lat' dir='ltr'>IV.</span> <span class='ocrx_word' id='word_1_27' title='bbox 566 885 612 929; x_wconf 85' lang='lat' dir='ltr'>Si</span> <span class='ocrx_word' id='word_1_28' title='bbox 644 901 691 928; x_wconf 84' lang='lat' dir='ltr'>os</span> <span class='ocrx_word' id='word_1_29' title='bbox 722 888 915 942; x_wconf 86' lang='lat' dir='ltr'>paruerit</span> 
     </span>
     <span class='ocr_line' id='line_1_11' title="bbox 478 943 900 1000; baseline 0.002 -14"><span class='ocrx_word' id='word_1_30' title='bbox 478 945 530 987; x_wconf 91' lang='lat' dir='ltr'>V.</span> <span class='ocrx_word' id='word_1_31' title='bbox 565 943 610 986; x_wconf 85' lang='lat' dir='ltr'>Si</span> <span class='ocrx_word' id='word_1_32' title='bbox 641 958 688 986; x_wconf 82' lang='lat' dir='ltr'>os</span> <span class='ocrx_word' id='word_1_33' title='bbox 719 947 900 1000; x_wconf 82' lang='lat' dir='ltr'><strong>fregerit</strong></span> 
     </span>
     <span class='ocr_line' id='line_1_12' title="bbox 452 1001 1735 1067; baseline 0.002 -23"><span class='ocrx_word' id='word_1_34' title='bbox 452 1002 531 1044; x_wconf 90' lang='lat' dir='ltr'>VI.</span> <span class='ocrx_word' id='word_1_35' title='bbox 565 1001 610 1044; x_wconf 81' lang='lat' dir='ltr'>Si</span> <span class='ocrx_word' id='word_1_36' title='bbox 642 1003 788 1067; x_wconf 71' lang='lat' dir='ltr'>gladio</span> <span class='ocrx_word' id='word_1_37' title='bbox 821 1007 985 1045; x_wconf 87' lang='lat' dir='ltr'>vestem</span> <span class='ocrx_word' id='word_1_38' title='bbox 1017 1017 1094 1045; x_wconf 82' lang='lat' dir='ltr'>seu</span> <span class='ocrx_word' id='word_1_39' title='bbox 1125 1006 1292 1045; x_wconf 82' lang='lat' dir='ltr'>scutum</span> <span class='ocrx_word' id='word_1_40' title='bbox 1324 1003 1503 1053; x_wconf 84' lang='lat' dir='ltr'>alterius</span> <span class='ocrx_word' id='word_1_41' title='bbox 1532 1004 1735 1054; x_wconf 83' lang='lat' dir='ltr'>inciderit</span> 
     </span>
     <span class='ocr_line' id='line_1_13' title="bbox 430 1060 1768 1117; baseline 0.003 -15"><span class='ocrx_word' id='word_1_42' title='bbox 430 1060 531 1102; x_wconf 92' lang='lat' dir='ltr'><strong>VII.</strong></span> <span class='ocrx_word' id='word_1_43' title='bbox 566 1060 837 1116; x_wconf 85' lang='lat' dir='ltr'>Quicumque</span> <span class='ocrx_word' id='word_1_44' title='bbox 863 1060 1058 1115; x_wconf 85' lang='lat' dir='ltr'>gladium</span> <span class='ocrx_word' id='word_1_45' title='bbox 1080 1061 1226 1103; x_wconf 85' lang='lat' dir='ltr'>stricto</span> <span class='ocrx_word' id='word_1_46' title='bbox 1250 1075 1379 1117; x_wconf 84' lang='lat' dir='ltr'>super</span> <span class='ocrx_word' id='word_1_47' title='bbox 1401 1062 1588 1108; x_wconf 86' lang='lat' dir='ltr'>alterum</span> <span class='ocrx_word' id='word_1_48' title='bbox 1603 1073 1768 1105; x_wconf 70' lang='lat' dir='ltr'>‘cucur-</span> 
     </span>
     <span class='ocr_line' id='line_1_14' title="bbox 571 1118 1654 1161; baseline 0.002 -3"><span class='ocrx_word' id='word_1_49' title='bbox 571 1118 676 1159; x_wconf 88' lang='lat' dir='ltr'>rerit</span> <span class='ocrx_word' id='word_1_50' title='bbox 706 1122 751 1159; x_wconf 93' lang='lat' dir='ltr'>et</span> <span class='ocrx_word' id='word_1_51' title='bbox 780 1123 974 1161; x_wconf 83' lang='lat' dir='ltr'>retentus</span> <span class='ocrx_word' id='word_1_52' title='bbox 1071 1119 1077 1123; x_wconf 82' lang='grc'><strong>’</strong></span> <span class='ocrx_word' id='word_1_53' title='bbox 1608 1131 1615 1161; x_wconf 80' lang='lat'>1</span> <span class='ocrx_word' id='word_1_54' title='bbox 1651 1159 1654 1160; x_wconf 14' lang='grc' dir='ltr'><em>γ</em></span> 
     </span>
     <span class='ocr_line' id='line_1_15' title="bbox 419 1174 1769 1232; baseline 0.001 -16"><span class='ocrx_word' id='word_1_55' title='bbox 419 1174 542 1217; x_wconf 87' lang='lat' dir='ltr'><strong>VIII.</strong></span> <span class='ocrx_word' id='word_1_56' title='bbox 575 1174 621 1216; x_wconf 88' lang='lat' dir='ltr'>Si</span> <span class='ocrx_word' id='word_1_57' title='bbox 659 1177 753 1231; x_wconf 86' lang='lat' dir='ltr'>quis</span> <span class='ocrx_word' id='word_1_58' title='bbox 793 1176 925 1219; x_wconf 90' lang='lat' dir='ltr'>alium</span> <span class='ocrx_word' id='word_1_59' title='bbox 963 1176 1018 1218; x_wconf 90' lang='lat' dir='ltr'>de</span> <span class='ocrx_word' id='word_1_60' title='bbox 1061 1180 1192 1231; x_wconf 84' lang='lat' dir='ltr'>ponte</span> <span class='ocrx_word' id='word_1_61' title='bbox 1232 1176 1301 1218; x_wconf 84' lang='lat' dir='ltr'>vel</span> <span class='ocrx_word' id='word_1_62' title='bbox 1341 1178 1439 1219; x_wconf 85' lang='lat' dir='ltr'>navi</span> <span class='ocrx_word' id='word_1_63' title='bbox 1480 1176 1552 1219; x_wconf 88' lang='lat' dir='ltr'>vel</span> <span class='ocrx_word' id='word_1_64' title='bbox 1590 1178 1684 1232; x_wconf 84' lang='lat' dir='ltr'>ripa</span> <span class='ocrx_word' id='word_1_65' title='bbox 1725 1178 1769 1218; x_wconf 91' lang='lat' dir='ltr'>in</span> 
     </span>
     <span class='ocr_line' id='line_1_16' title="bbox 569 1231 1628 1289; baseline 0.003 -15"><span class='ocrx_word' id='word_1_66' title='bbox 569 1231 731 1275; x_wconf 90' lang='lat' dir='ltr'>flumen</span> <span class='ocrx_word' id='word_1_67' title='bbox 760 1233 996 1289; x_wconf 85' lang='lat' dir='ltr'>inpinxerit</span> <span class='ocrx_word' id='word_1_68' title='bbox 1626 1242 1628 1244; x_wconf 83' lang='lat'>&#39;</span> 
     </span>
     <span class='ocr_line' id='line_1_17' title="bbox 459 1289 1724 1348; baseline 0.002 -17"><span class='ocrx_word' id='word_1_69' title='bbox 459 1290 538 1332; x_wconf 91' lang='lat' dir='ltr'>IX.</span> <span class='ocrx_word' id='word_1_70' title='bbox 572 1289 615 1332; x_wconf 83' lang='lat' dir='ltr'>Si</span> <span class='ocrx_word' id='word_1_71' title='bbox 649 1291 1012 1346; x_wconf 83' lang='lat' dir='ltr'>conprehenderit</span> <span class='ocrx_word' id='word_1_72' title='bbox 1049 1294 1094 1333; x_wconf 89' lang='lat' dir='ltr'>et</span> <span class='ocrx_word' id='word_1_73' title='bbox 1126 1292 1189 1333; x_wconf 91' lang='lat' dir='ltr'>ita</span> <span class='ocrx_word' id='word_1_74' title='bbox 1224 1292 1268 1345; x_wconf 87' lang='lat' dir='ltr'>in</span> <span class='ocrx_word' id='word_1_75' title='bbox 1299 1304 1459 1348; x_wconf 88' lang='lat' dir='ltr'>aquam</span> <span class='ocrx_word' id='word_1_76' title='bbox 1480 1289 1724 1348; x_wconf 64' lang='lat' dir='ltr'>‘&#39;proiecerit</span> 
     </span>
     <span class='ocr_line' id='line_1_18' title="bbox 482 1347 1407 1396; baseline 0.002 -7"><span class='ocrx_word' id='word_1_77' title='bbox 482 1347 538 1390; x_wconf 87' lang='lat' dir='ltr'>X.</span> <span class='ocrx_word' id='word_1_78' title='bbox 573 1347 657 1396; x_wconf 84' lang='lat' dir='ltr'>Qui</span> <span class='ocrx_word' id='word_1_79' title='bbox 689 1349 859 1391; x_wconf 90' lang='lat' dir='ltr'>oculum</span> <span class='ocrx_word' id='word_1_80' title='bbox 890 1364 1022 1392; x_wconf 91' lang='lat' dir='ltr'>unum</span> <span class='ocrx_word' id='word_1_81' title='bbox 1054 1350 1296 1392; x_wconf 79' lang='lat' dir='ltr'>excusserit</span> <span class='ocrx_word' id='word_1_82' title='bbox 1405 1349 1407 1351; x_wconf 71' lang='grc'><strong>’</strong></span> 
     </span>
     <span class='ocr_line' id='line_1_19' title="bbox 461 1404 1770 1459; baseline 0.001 -12"><span class='ocrx_word' id='word_1_83' title='bbox 461 1406 541 1447; x_wconf 88' lang='grc' dir='ltr'>ΧΙ.</span> <span class='ocrx_word' id='word_1_84' title='bbox 574 1404 888 1449; x_wconf 82' lang='lat' dir='ltr'>Siauriculam</span> <span class='ocrx_word' id='word_1_85' title='bbox 926 1407 996 1449; x_wconf 88' lang='lat' dir='ltr'>vel</span> <span class='ocrx_word' id='word_1_86' title='bbox 1033 1407 1204 1459; x_wconf 80' lang='lat' dir='ltr'>oculum</span> <span class='ocrx_word' id='word_1_87' title='bbox 1235 1408 1305 1449; x_wconf 75' lang='lat' dir='ltr'>&#39;vel</span> <span class='ocrx_word' id='word_1_88' title='bbox 1334 1404 1490 1458; x_wconf 15' lang='lat' dir='ltr'>nasum*</span> <span class='ocrx_word' id='word_1_89' title='bbox 1517 1407 1588 1450; x_wconf 85' lang='lat' dir='ltr'>vel</span> <span class='ocrx_word' id='word_1_90' title='bbox 1619 1422 1770 1450; x_wconf 87' lang='lat' dir='ltr'>manus</span> 
     </span>
     <span class='ocr_line' id='line_1_20' title="bbox 575 1463 751 1506; baseline 0.017 -3"><span class='ocrx_word' id='word_1_91' title='bbox 575 1463 642 1505; x_wconf 89' lang='lat' dir='ltr'>vel</span> <span class='ocrx_word' id='word_1_92' title='bbox 705 1478 751 1506; x_wconf 83' lang='lat' dir='ltr'>es</span> 
     </span>
     <span class='ocr_line' id='line_1_21' title="bbox 432 1479 1097 1564; baseline 0 -1"><span class='ocrx_word' id='word_1_93' title='bbox 432 1521 535 1563; x_wconf 88' lang='lat' dir='ltr'><strong>XII.</strong></span> <span class='ocrx_word' id='word_1_94' title='bbox 567 1479 726 1564; x_wconf 57' lang='lat' dir='ltr'>Pollgx</span> <span class='ocrx_word' id='word_1_95' title='bbox 757 1526 872 1564; x_wconf 82' lang='lat' dir='ltr'>totus</span> <span class='ocrx_word' id='word_1_96' title='bbox 904 1521 1097 1564; x_wconf 81' lang='lat' dir='ltr'>abscisus</span> 
     </span>
     <span class='ocr_line' id='line_1_22' title="bbox 410 1578 1121 1627; baseline 0.003 -7"><span class='ocrx_word' id='word_1_97' title='bbox 410 1579 536 1620; x_wconf 87' lang='lat' dir='ltr'><strong>XIII.</strong></span> <span class='ocrx_word' id='word_1_98' title='bbox 572 1578 656 1627; x_wconf 85' lang='lat' dir='ltr'>Qui</span> <span class='ocrx_word' id='word_1_99' title='bbox 686 1580 880 1622; x_wconf 91' lang='lat' dir='ltr'>nobilem</span> <span class='ocrx_word' id='word_1_100' title='bbox 913 1579 1121 1622; x_wconf 85' lang='lat' dir='ltr'>occiderit</span> 
     </span>
     <span class='ocr_line' id='line_1_23' title="bbox 410 1636 1767 1693; baseline 0.002 -15"><span class='ocrx_word' id='word_1_101' title='bbox 410 1637 532 1679; x_wconf 91' lang='lat' dir='ltr'><strong>XIV.</strong></span> <span class='ocrx_word' id='word_1_102' title='bbox 566 1636 781 1693; x_wconf 86' lang='lat' dir='ltr'>Quicquid</span> <span class='ocrx_word' id='word_1_103' title='bbox 813 1638 867 1679; x_wconf 89' lang='lat' dir='ltr'>de</span> <span class='ocrx_word' id='word_1_104' title='bbox 900 1638 1195 1693; x_wconf 82' lang='lat' dir='ltr'>superioribus</span> <span class='ocrx_word' id='word_1_105' title='bbox 1217 1638 1341 1680; x_wconf 82' lang='lat' dir='ltr'>factis</span> <span class='ocrx_word' id='word_1_106' title='bbox 1372 1639 1413 1680; x_wconf 92' lang='lat' dir='ltr'>in</span> <span class='ocrx_word' id='word_1_107' title='bbox 1438 1638 1643 1681; x_wconf 80' lang='lat' dir='ltr'>feminam</span> <span class='ocrx_word' id='word_1_108' title='bbox 1668 1653 1767 1681; x_wconf 90' lang='lat' dir='ltr'>con-</span> 
     </span>
     <span class='ocr_line' id='line_1_24' title="bbox 572 1695 1188 1737; baseline 0.005 -2"><span class='ocrx_word' id='word_1_109' title='bbox 572 1695 758 1737; x_wconf 88' lang='lat' dir='ltr'>mittitur</span> <span class='ocrx_word' id='word_1_110' title='bbox 788 1723 791 1725; x_wconf 90' lang='lat'>·</span> <span class='ocrx_word' id='word_1_111' title='bbox 1186 1712 1188 1714; x_wconf 68' lang='grc'>’</span> 
     </span>
     <span class='ocr_line' id='line_1_25' title="bbox 443 1751 892 1795; baseline 0 -2"><span class='ocrx_word' id='word_1_112' title='bbox 443 1751 541 1793; x_wconf 92' lang='lat' dir='ltr'>XV.</span> <span class='ocrx_word' id='word_1_113' title='bbox 572 1752 696 1794; x_wconf 78' lang='lat' dir='ltr'>Litus</span> <span class='ocrx_word' id='word_1_114' title='bbox 728 1754 892 1795; x_wconf 81' lang='lat' dir='ltr'>occisus</span> 
     </span>
     <span class='ocr_line' id='line_1_26' title="bbox 417 1809 1690 1855; baseline 0.003 -4"><span class='ocrx_word' id='word_1_115' title='bbox 417 1809 539 1851; x_wconf 90' lang='lat' dir='ltr'><strong>XVI.</strong></span> <span class='ocrx_word' id='word_1_116' title='bbox 573 1809 618 1851; x_wconf 85' lang='lat' dir='ltr'>Si</span> <span class='ocrx_word' id='word_1_117' title='bbox 650 1825 796 1852; x_wconf 84' lang='lat' dir='ltr'>servus</span> <span class='ocrx_word' id='word_1_118' title='bbox 828 1825 853 1852; x_wconf 89' lang='lat' dir='ltr'>a</span> <span class='ocrx_word' id='word_1_119' title='bbox 883 1810 1018 1852; x_wconf 89' lang='lat' dir='ltr'>nobili</span> <span class='ocrx_word' id='word_1_120' title='bbox 1050 1812 1215 1853; x_wconf 83' lang='lat' dir='ltr'>occisus</span> <span class='ocrx_word' id='word_1_121' title='bbox 1689 1851 1690 1855; x_wconf 75' lang='grc'>,</span> 
     </span>
     <span class='ocr_line' id='line_1_27' title="bbox 392 1866 1766 1923; baseline 0 -14"><span class='ocrx_word' id='word_1_122' title='bbox 392 1866 537 1909; x_wconf 90' lang='lat' dir='ltr'><strong>XVII.</strong></span> <span class='ocrx_word' id='word_1_123' title='bbox 570 1867 692 1909; x_wconf 86' lang='lat' dir='ltr'>Litus</span> <span class='ocrx_word' id='word_1_124' title='bbox 732 1869 767 1910; x_wconf 78' lang='lat' dir='ltr'>si</span> <span class='ocrx_word' id='word_1_125' title='bbox 810 1876 889 1923; x_wconf 82' lang='lat' dir='ltr'>per</span> <span class='ocrx_word' id='word_1_126' title='bbox 918 1869 1080 1910; x_wconf 84' lang='lat' dir='ltr'>iussum</span> <span class='ocrx_word' id='word_1_127' title='bbox 1124 1869 1194 1910; x_wconf 84' lang='lat' dir='ltr'>vel</span> <span class='ocrx_word' id='word_1_128' title='bbox 1235 1869 1459 1912; x_wconf 82' lang='lat' dir='ltr'>consilium</span> <span class='ocrx_word' id='word_1_129' title='bbox 1501 1868 1663 1911; x_wconf 90' lang='lat' dir='ltr'>domini</span> <span class='ocrx_word' id='word_1_130' title='bbox 1689 1867 1766 1910; x_wconf 57' lang='lat' dir='ltr'>&#39;sui</span> 
     </span>
     <span class='ocr_line' id='line_1_28' title="bbox 572 1925 1031 1968; baseline 0 -2"><span class='ocrx_word' id='word_1_131' title='bbox 572 1925 791 1967; x_wconf 90' lang='lat' dir='ltr'>hominem</span> <span class='ocrx_word' id='word_1_132' title='bbox 824 1925 1031 1968; x_wconf 82' lang='lat' dir='ltr'>occiderit</span> 
     </span>
     <span class='ocr_line' id='line_1_29' title="bbox 370 1981 1019 2025; baseline 0.005 -3"><span class='ocrx_word' id='word_1_133' title='bbox 370 1981 539 2024; x_wconf 91' lang='lat' dir='ltr'><strong>XVIII.</strong></span> <span class='ocrx_word' id='word_1_134' title='bbox 574 1981 619 2024; x_wconf 87' lang='lat' dir='ltr'>Si</span> <span class='ocrx_word' id='word_1_135' title='bbox 649 1983 849 2025; x_wconf 86' lang='lat' dir='ltr'>mordum</span> <span class='ocrx_word' id='word_1_136' title='bbox 881 1988 1019 2025; x_wconf 84' lang='lat' dir='ltr'>totum</span> 
     </span>
     <span class='ocr_line' id='line_1_30' title="bbox 418 2039 1631 2083; baseline 0.002 -3"><span class='ocrx_word' id='word_1_137' title='bbox 418 2039 541 2081; x_wconf 89' lang='lat' dir='ltr'><strong>XIX.</strong></span> <span class='ocrx_word' id='word_1_138' title='bbox 574 2040 618 2082; x_wconf 83' lang='lat' dir='ltr'>Si</span> <span class='ocrx_word' id='word_1_139' title='bbox 651 2042 807 2083; x_wconf 81' lang='lat' dir='ltr'>nobilis</span> <span class='ocrx_word' id='word_1_140' title='bbox 838 2041 1029 2083; x_wconf 87' lang='lat' dir='ltr'>nobilem</span> <span class='ocrx_word' id='word_1_141' title='bbox 1062 2046 1186 2083; x_wconf 85' lang='lat' dir='ltr'>extra</span> <span class='ocrx_word' id='word_1_142' title='bbox 1217 2041 1355 2083; x_wconf 82' lang='lat' dir='ltr'>solum</span> <span class='ocrx_word' id='word_1_143' title='bbox 1388 2041 1631 2083; x_wconf 86' lang='lat' dir='ltr'>vendiderit</span> 
     </span>
     <span class='ocr_line' id='line_1_31' title="bbox 438 2097 1435 2149; baseline 0.001 -10"><span class='ocrx_word' id='word_1_144' title='bbox 438 2097 537 2140; x_wconf 89' lang='lat' dir='ltr'>XX.</span> <span class='ocrx_word' id='word_1_145' title='bbox 572 2098 656 2147; x_wconf 83' lang='lat' dir='ltr'>Qui</span> <span class='ocrx_word' id='word_1_146' title='bbox 686 2099 730 2140; x_wconf 92' lang='lat' dir='ltr'>in</span> <span class='ocrx_word' id='word_1_147' title='bbox 762 2098 947 2149; x_wconf 81' lang='lat' dir='ltr'>ecclesia</span> <span class='ocrx_word' id='word_1_148' title='bbox 978 2099 1200 2142; x_wconf 85' lang='lat' dir='ltr'>hominem</span> <span class='ocrx_word' id='word_1_149' title='bbox 1228 2099 1435 2141; x_wconf 89' lang='lat' dir='ltr'>occiderit</span> 
     </span>
     <span class='ocr_line' id='line_1_32' title="bbox 411 2155 1198 2212; baseline 0.001 -15"><span class='ocrx_word' id='word_1_150' title='bbox 411 2155 535 2197; x_wconf 91' lang='lat' dir='ltr'><strong>XXI.</strong></span> <span class='ocrx_word' id='word_1_151' title='bbox 570 2155 654 2204; x_wconf 80' lang='lat' dir='ltr'>Qui</span> <span class='ocrx_word' id='word_1_152' title='bbox 684 2157 881 2199; x_wconf 81' lang='lat' dir='ltr'>nesciens</span> <span class='ocrx_word' id='word_1_153' title='bbox 911 2158 1198 2212; x_wconf 85' lang='lat' dir='ltr'>periuraverit</span> 
     </span>
     <span class='ocr_line' id='line_1_33' title="bbox 388 2213 1617 2262; baseline 0.001 -8"><span class='ocrx_word' id='word_1_154' title='bbox 388 2213 536 2254; x_wconf 85' lang='lat' dir='ltr'><strong>XX11.</strong></span> <span class='ocrx_word' id='word_1_155' title='bbox 570 2213 654 2262; x_wconf 85' lang='lat' dir='ltr'>Qui</span> <span class='ocrx_word' id='word_1_156' title='bbox 685 2214 902 2256; x_wconf 88' lang='lat' dir='ltr'>hominem</span> <span class='ocrx_word' id='word_1_157' title='bbox 936 2214 993 2256; x_wconf 86' lang='lat' dir='ltr'>ad</span> <span class='ocrx_word' id='word_1_158' title='bbox 1024 2215 1209 2257; x_wconf 81' lang='lat' dir='ltr'>ecclesia</span> <span class='ocrx_word' id='word_1_159' title='bbox 1243 2215 1311 2257; x_wconf 88' lang='lat' dir='ltr'>vel</span> <span class='ocrx_word' id='word_1_160' title='bbox 1344 2215 1398 2257; x_wconf 90' lang='lat' dir='ltr'>de</span> <span class='ocrx_word' id='word_1_161' title='bbox 1431 2214 1617 2256; x_wconf 81' lang='lat' dir='ltr'>ecclesia</span> 
     </span>
     <span class='ocr_line' id='line_1_34' title="bbox 369 2270 1574 2329; baseline 0.002 -18"><span class='ocrx_word' id='word_1_162' title='bbox 369 2270 540 2312; x_wconf 90' lang='lat' dir='ltr'><strong>XXIII.</strong></span> <span class='ocrx_word' id='word_1_163' title='bbox 575 2271 658 2319; x_wconf 84' lang='lat' dir='ltr'>Qui</span> <span class='ocrx_word' id='word_1_164' title='bbox 686 2273 728 2312; x_wconf 90' lang='lat' dir='ltr'>in</span> <span class='ocrx_word' id='word_1_165' title='bbox 760 2285 942 2327; x_wconf 85' lang='lat' dir='ltr'>regnum</span> <span class='ocrx_word' id='word_1_166' title='bbox 973 2273 1046 2326; x_wconf 26' lang='lat' dir='ltr'>vel·</span> <span class='ocrx_word' id='word_1_167' title='bbox 1072 2274 1116 2314; x_wconf 92' lang='lat' dir='ltr'>in</span> <span class='ocrx_word' id='word_1_168' title='bbox 1146 2287 1297 2329; x_wconf 87' lang='lat' dir='ltr'>regem</span> <span class='ocrx_word' id='word_1_169' title='bbox 1330 2272 1574 2315; x_wconf 88' lang='lat' dir='ltr'>francorum</span> 
     </span>
     <span class='ocr_line' id='line_1_35' title="bbox 378 2327 1310 2377; baseline 0.003 -8"><span class='ocrx_word' id='word_1_170' title='bbox 378 2327 544 2370; x_wconf 82' lang='lat' dir='ltr'><strong>XXIV.</strong></span> <span class='ocrx_word' id='word_1_171' title='bbox 578 2329 662 2377; x_wconf 85' lang='lat' dir='ltr'>Qui</span> <span class='ocrx_word' id='word_1_172' title='bbox 694 2329 915 2371; x_wconf 85' lang='lat' dir='ltr'>dominum</span> <span class='ocrx_word' id='word_1_173' title='bbox 946 2344 1070 2372; x_wconf 81' lang='lat' dir='ltr'>suum</span> <span class='ocrx_word' id='word_1_174' title='bbox 1102 2331 1310 2372; x_wconf 87' lang='lat' dir='ltr'>occiderit</span> 
     </span>
     <span class='ocr_line' id='line_1_36' title="bbox 396 2385 1360 2435; baseline 0.001 -8"><span class='ocrx_word' id='word_1_175' title='bbox 396 2385 539 2427; x_wconf 89' lang='lat' dir='ltr'><strong>XXV.</strong></span> <span class='ocrx_word' id='word_1_176' title='bbox 574 2387 656 2435; x_wconf 86' lang='lat' dir='ltr'>Qui</span> <span class='ocrx_word' id='word_1_177' title='bbox 687 2387 823 2429; x_wconf 91' lang='lat' dir='ltr'>filium</span> <span class='ocrx_word' id='word_1_178' title='bbox 863 2387 1024 2429; x_wconf 83' lang='lat' dir='ltr'>domini</span> <span class='ocrx_word' id='word_1_179' title='bbox 1056 2389 1122 2429; x_wconf 86' lang='lat' dir='ltr'>sui</span> <span class='ocrx_word' id='word_1_180' title='bbox 1153 2388 1360 2430; x_wconf 86' lang='lat' dir='ltr'>occiderit</span> 
     </span>
     <span class='ocr_line' id='line_1_37' title="bbox 374 2443 1769 2501; baseline 0.001 -17"><span class='ocrx_word' id='word_1_181' title='bbox 374 2443 542 2485; x_wconf 90' lang='lat' dir='ltr'><strong>XXVI.</strong></span> <span class='ocrx_word' id='word_1_182' title='bbox 575 2443 659 2492; x_wconf 83' lang='lat' dir='ltr'>Qui</span> <span class='ocrx_word' id='word_1_183' title='bbox 690 2445 909 2487; x_wconf 90' lang='lat' dir='ltr'>hominem</span> <span class='ocrx_word' id='word_1_184' title='bbox 940 2450 1120 2501; x_wconf 88' lang='lat' dir='ltr'>propter</span> <span class='ocrx_word' id='word_1_185' title='bbox 1148 2446 1312 2488; x_wconf 88' lang='lat' dir='ltr'>faidam</span> <span class='ocrx_word' id='word_1_186' title='bbox 1350 2446 1393 2487; x_wconf 92' lang='lat' dir='ltr'>in</span> <span class='ocrx_word' id='word_1_187' title='bbox 1425 2446 1600 2501; x_wconf 89' lang='lat' dir='ltr'>propria</span> <span class='ocrx_word' id='word_1_188' title='bbox 1639 2444 1769 2486; x_wconf 88' lang='lat' dir='ltr'>domo</span> 
     </span>
     <span class='ocr_line' id='line_1_38' title="bbox 573 2502 781 2544; baseline 0.005 -1"><span class='ocrx_word' id='word_1_189' title='bbox 573 2502 781 2544; x_wconf 86' lang='lat' dir='ltr'>occiderit</span> 
     </span>
     <span class='ocr_line' id='line_1_39' title="bbox 348 2557 1028 2616; baseline 0.006 -18"><span class='ocrx_word' id='word_1_190' title='bbox 348 2557 539 2600; x_wconf 90' lang='lat' dir='ltr'><strong>XXVII.</strong></span> <span class='ocrx_word' id='word_1_191' title='bbox 574 2558 739 2615; x_wconf 83' lang='lat' dir='ltr'>Capitis</span> <span class='ocrx_word' id='word_1_192' title='bbox 770 2560 1028 2616; x_wconf 82' lang='lat' dir='ltr'>dampnatus</span> 
     </span>
     <span class='ocr_line' id='line_1_40' title="bbox 329 2615 1148 2665; baseline 0.004 -8"><span class='ocrx_word' id='word_1_193' title='bbox 329 2615 543 2658; x_wconf 86' lang='lat' dir='ltr'><strong>XXVIII.</strong></span> <span class='ocrx_word' id='word_1_194' title='bbox 578 2616 662 2665; x_wconf 88' lang='lat' dir='ltr'>Qui</span> <span class='ocrx_word' id='word_1_195' title='bbox 694 2617 908 2660; x_wconf 84' lang='lat' dir='ltr'>caballum</span> <span class='ocrx_word' id='word_1_196' title='bbox 940 2619 1148 2660; x_wconf 86' lang='lat' dir='ltr'>furaverit</span> 
     </span>
     <span class='ocr_line' id='line_1_41' title="bbox 352 2673 1084 2732; baseline 0.005 -18"><span class='ocrx_word' id='word_1_197' title='bbox 352 2673 535 2716; x_wconf 81' lang='lat' dir='ltr'><strong>XXIX.</strong></span> <span class='ocrx_word' id='word_1_198' title='bbox 570 2673 652 2722; x_wconf 86' lang='lat' dir='ltr'>Qui</span> <span class='ocrx_word' id='word_1_199' title='bbox 684 2676 921 2717; x_wconf 83' lang='lat' dir='ltr'>alvearium</span> <span class='ocrx_word' id='word_1_200' title='bbox 954 2691 1084 2732; x_wconf 91' lang='lat' dir='ltr'>apum</span> 
     </span>
     <span class='ocr_line' id='line_1_42' title="bbox 390 2731 863 2788; baseline 0.006 -16"><span class='ocrx_word' id='word_1_201' title='bbox 390 2731 535 2773; x_wconf 91' lang='lat' dir='ltr'><strong>XXX.</strong></span> <span class='ocrx_word' id='word_1_202' title='bbox 568 2731 706 2775; x_wconf 83' lang='lat' dir='ltr'>Extra</span> <span class='ocrx_word' id='word_1_203' title='bbox 737 2738 863 2788; x_wconf 80' lang='lat' dir='ltr'>septa</span> 
     </span>
     <span class='ocr_line' id='line_1_43' title="bbox 370 2788 1474 2838; baseline 0.002 -8"><span class='ocrx_word' id='word_1_204' title='bbox 370 2788 538 2831; x_wconf 90' lang='lat' dir='ltr'><strong>XXXI.</strong></span> <span class='ocrx_word' id='word_1_205' title='bbox 574 2789 658 2838; x_wconf 87' lang='lat' dir='ltr'>Qui</span> <span class='ocrx_word' id='word_1_206' title='bbox 688 2795 817 2833; x_wconf 90' lang='lat' dir='ltr'>noctu</span> <span class='ocrx_word' id='word_1_207' title='bbox 849 2790 1023 2832; x_wconf 90' lang='lat' dir='ltr'>domum</span> <span class='ocrx_word' id='word_1_208' title='bbox 1057 2791 1234 2834; x_wconf 79' lang='lat' dir='ltr'>alterius</span> <span class='ocrx_word' id='word_1_209' title='bbox 1266 2790 1474 2833; x_wconf 81' lang='lat' dir='ltr'>effodiens</span> 
     </span>
     <span class='ocr_line' id='line_1_44' title="bbox 347 2846 1378 2906; baseline 0.002 -18"><span class='ocrx_word' id='word_1_210' title='bbox 347 2846 540 2889; x_wconf 86' lang='lat' dir='ltr'><strong>XXXII.</strong></span> <span class='ocrx_word' id='word_1_211' title='bbox 576 2847 660 2896; x_wconf 85' lang='lat' dir='ltr'>Qui</span> <span class='ocrx_word' id='word_1_212' title='bbox 690 2848 734 2890; x_wconf 92' lang='lat' dir='ltr'>in</span> <span class='ocrx_word' id='word_1_213' title='bbox 765 2863 944 2891; x_wconf 83' lang='lat' dir='ltr'>screona</span> <span class='ocrx_word' id='word_1_214' title='bbox 976 2849 1139 2906; x_wconf 87' lang='lat' dir='ltr'>aliquid</span> <span class='ocrx_word' id='word_1_215' title='bbox 1170 2849 1378 2892; x_wconf 81' lang='lat' dir='ltr'>furaverit</span> 
     </span>
    </p>
   </div>
  </div>
 </body>
</html>
