2164 3424
635 468 1103 525 BRUCHSTUCKE
1140 478 1266 526 AUS
1303 479 1665 527 ANSEGISUS.

604 582 720 637 App.
742 582 788 624 Π
820 584 888 624 34.
1081 572 1220 579 ᾖ

526 649 573 692 Si
604 651 759 706 aliquis
790 650 905 693 Saxo
937 651 1156 694 hominem
1193 652 1554 708 conprehenderit
1584 653 1748 708 absque
1779 653 1892 695 furto

408 712 483 751 aut
522 708 686 763 absque
725 722 801 750 sua
833 709 1008 764 propria
1038 710 1184 765 aliqua
1213 724 1279 764 re,
1317 709 1464 752 dicens
1495 710 1610 766 quod
1640 710 1702 751 illi
1732 710 1894 753 habeat

408 765 614 808 damnum
645 766 807 808 factum
839 770 884 808 et
912 766 995 808 hoc
1027 766 1287 809 contendere
1318 768 1516 822 voluerit,
1555 769 1600 809 in
1629 768 1786 810 iudicio
1818 773 1894 810 aut
1926 779 1941 803 ⁵

404 825 449 866 in
496 837 649 879 campo
696 828 770 865 aut
810 823 865 865 ad
907 837 1077 867 crucem
1117 824 1336 867 licentiam
1374 825 1557 875 habeat;
1600 827 1636 867 si
1670 839 1772 866 vero
1809 825 1893 868 hoc

404 881 610 934 noluerit,
650 895 745 922 cum
777 882 863 923 suis
892 881 1151 923 iuratoribus
1186 883 1279 937 ipse
1318 882 1428 924 liber
1457 882 1586 925 homo
1619 897 1664 924 se
1695 883 1889 925 idoniare

404 938 549 981 faciat.
594 938 651 980 Et
681 939 717 980 si
748 952 916 980 servum
949 939 1176 982 cuiuslibet
1201 939 1363 995 absque
1386 940 1529 995 aliqua
1551 940 1888 996 conprobatione

405 996 779 1051 conprehenderit,
810 997 904 1051 ipse
936 1009 1084 1038 servus
1115 1000 1190 1038 aut
1220 997 1275 1038 ad
1296 1011 1454 1052 aquam
1477 997 1715 1039 ferventem
1737 1002 1812 1040 aut
1824 997 1889 1040 ad

405 1053 521 1095 aliud
551 1054 756 1095 iudicium
789 1067 833 1095 se
865 1053 1058 1095 idoniare
1090 1053 1234 1096 faciat.
1922 1063 1956 1088 10

455 1241 458 1243 Α
519 1202 565 1244 Si
595 1203 749 1257 aliquis
780 1201 896 1244 Saxo
929 1202 1122 1245 caballos
1142 1203 1186 1243 in
1207 1216 1284 1244 sua
1304 1215 1445 1244 messe
1466 1204 1682 1244 invenerit
1703 1207 1746 1244 et
1773 1203 1889 1258 ipsos

403 1260 595 1302 caballos
610 1259 711 1301 inde
727 1260 883 1302 ducere
897 1274 975 1315 pro
991 1274 1068 1301 suo
1083 1260 1238 1302 damno
1254 1259 1310 1301 ad
1323 1259 1675 1315 conprobandum
1690 1260 1887 1315 voluerit,

367 1315 369 1319 ’
401 1318 437 1360 si
463 1318 557 1374 quis
578 1317 689 1359 liber
708 1318 837 1359 homo
860 1317 942 1359 hoc
964 1318 1004 1359 ei
1021 1317 1332 1359 contradixerit
1346 1322 1421 1359 aut
1439 1317 1615 1373 aliquod
1631 1317 1792 1360 malum
1812 1332 1887 1373 pro

400 1375 483 1417 hoc
506 1375 669 1430 fecerit,
702 1375 832 1430 tripla
853 1375 1146 1430 conpositione
1169 1375 1403 1417 secundum
1423 1376 1568 1431 legem
1590 1379 1634 1416 et
1654 1375 1888 1418 secundum
1923 1390 1956 1416 15

404 1447 541 1476 ewam
568 1437 716 1475 contra
741 1447 840 1475 eum
868 1432 1102 1475 emendare
1129 1432 1302 1474 studeat
1327 1436 1372 1474 et
1394 1433 1570 1487 insuper
1594 1432 1783 1475 bannum
1810 1433 1886 1475 do-

400 1490 604 1532 minicum
636 1491 787 1542 solvat,
821 1494 864 1532 et
893 1504 1068 1532 manum
1094 1490 1250 1545 perdat
1278 1504 1355 1545 pro
1382 1504 1434 1532 eo
1462 1490 1578 1546 quod
1601 1490 1886 1533 inoboediens

401 1548 483 1594 fuit
498 1552 646 1590 contra
663 1551 943 1603 praeceptum
962 1547 1124 1590 domini
1140 1547 1425 1602 imperatoris,
1443 1547 1558 1603 quod
1575 1548 1667 1603 ipse
1685 1562 1762 1602 pro
1775 1561 1884 1603 pace

402 1610 591 1648 statuere
622 1606 756 1648 iussit.
805 1605 849 1647 Si
876 1619 1023 1647 servus
1044 1605 1125 1647 hoc
1147 1605 1310 1658 fecerit,
1342 1605 1577 1647 secundum
1598 1618 1720 1647 suam
1740 1605 1884 1660 1636111

402 1665 547 1706 omnia
577 1664 619 1704 in
650 1664 824 1718 triplum
855 1663 1053 1705 restituat
1075 1667 1118 1704 et
1139 1662 1390 1718 disciplinae
1414 1663 1626 1717 corporali
1646 1662 1880 1705 subiaceat.
1915 1675 1951 1701 20

515 1811 580 1853 De
609 1826 653 1853 eo
683 1813 759 1865 qui
790 1813 957 1853 domum
988 1813 1174 1853 alienam
1204 1811 1425 1854 cuiuslibet
1453 1812 1666 1862 infrinqit.
1720 1811 1767 1853 Si
1788 1811 1881 1867 quis

400 1870 576 1912 domum
597 1870 783 1911 alienam
807 1869 1034 1912 cuiuslibet
1047 1869 1285 1925 infregerit,
1308 1869 1511 1925 quicquid
1529 1869 1685 1911 exinde
1702 1882 1782 1924 per
1797 1870 1880 1910 vir-

397 1931 536 1970 tutem
568 1927 791 1970 abstulerit
817 1931 892 1969 aut
915 1927 1107 1982 rapuerit
1130 1928 1201 1969 vel
1226 1927 1445 1981 furaverit,
1477 1927 1712 1969 secundum
1736 1926 1881 1981 legem

399 1989 442 2028 et
464 1999 602 2027 ewam
623 1985 686 2026 illi
707 1986 824 2027 cuius
846 1985 998 2026 domus
1021 1985 1150 2027 fuerit
1169 1985 1352 2026 infracta
1374 1989 1418 2027 et
1438 1984 1622 2040 spoliata
1641 1985 1683 2026 in
1705 1984 1879 2038 triplum
1914 2000 1951 2027 π

398 2046 640 2098 componat,
674 2047 717 2084 et
746 2043 922 2097 insuper
951 2042 1140 2083 bannum
1173 2042 1432 2084 dominicum
1465 2042 1615 2084 solvat.
1667 2041 1712 2083 Si
1734 2054 1880 2082 servus

395 2101 478 2142 hoc
500 2100 663 2153 fecerit,
686 2101 941 2141 sententiam
964 2101 1231 2155 superiorem
1252 2100 1449 2154 accipiat,
1472 2103 1516 2141 et
1536 2101 1710 2153 insuper
1731 2111 1880 2139 secun-

397 2158 500 2199 dum
532 2172 654 2199 suam
684 2158 827 2212 legem
858 2157 1214 2213 compositionem
1246 2157 1388 2199 faciat.
1439 2156 1484 2198 Si
1506 2157 1599 2211 quis
1620 2156 1729 2197 liber
1749 2155 1878 2197 homo

398 2215 572 2271 aliquod
603 2215 690 2257 tale
723 2215 926 2256 damnum
959 2215 1134 2256 cuilibet
1163 2214 1327 2269 fecerit,
1358 2228 1436 2269 pro
1460 2228 1543 2269 quo
1565 2213 1739 2268 plenam
1761 2226 1878 2254 com-

394 2274 653 2328 positionem
675 2272 818 2314 facere
840 2286 925 2314 non
947 2272 1102 2325 valeat,
1128 2272 1407 2326 semetipsum
1428 2272 1471 2312 in
1492 2270 1630 2313 wadio
1652 2285 1729 2325 pro
1752 2283 1875 2312 servo
1911 2286 1947 2311 30

397 2330 501 2372 dare
533 2330 718 2384 studeat,
749 2344 886 2385 usque
918 2329 1019 2371 dum
1043 2330 1218 2385 plenam
1249 2329 1604 2384 compositionem
1626 2327 1876 2383 adimpleat.

511 2472 577 2514 De
618 2473 820 2514 messibus
860 2472 922 2513 vel
959 2473 1142 2514 annonis
1181 2473 1228 2513 in
1270 2471 1382 2513 hoste
1422 2472 1560 2526 raptis
1602 2470 1664 2512 vel
1701 2471 1876 2523 furatis.

394 2529 439 2571 Si
483 2531 576 2585 quis
616 2544 778 2572 messes
810 2533 884 2572 aut
914 2544 1104 2572 annonas
1133 2530 1177 2571 in
1207 2529 1330 2571 hoste
1363 2542 1493 2584 super
1521 2529 1709 2571 bannum
1741 2528 1876 2571 domi-

392 2587 534 2629 nicum
567 2589 758 2642 rapuerit
788 2588 859 2630 vel
888 2587 1058 2643 paverit
1097 2590 1172 2628 aut
1201 2587 1408 2629 furaverit
1446 2590 1521 2628 aut
1561 2600 1658 2628 cum
1699 2586 1877 2628 caballis
1914 2601 1945 2626 35

393 2645 640 2699 vastaverit,
688 2645 916 2686 aestimato
961 2645 1118 2687 damno
1162 2644 1395 2686 secundum
1435 2644 1579 2699 legem
1617 2645 1661 2685 in
1701 2643 1876 2699 triplum

395 2705 638 2757 componat.
699 2701 756 2743 Et
787 2703 822 2743 si
851 2701 964 2743 liber
994 2702 1123 2744 homo
1155 2701 1238 2744 hoc
1268 2701 1432 2753 fecerit,
1472 2701 1661 2743 bannum
1693 2700 1875 2743 domini-

388 2762 488 2802 cum
520 2773 599 2815 pro
631 2760 712 2801 hac
741 2773 788 2800 re
821 2773 1081 2814 componere
1114 2763 1310 2815 cogatur:
1342 2773 1489 2801 servus
1514 2773 1617 2801 vero
1640 2758 1874 2800 secundum

391 2818 538 2873 legem
569 2817 698 2873 tripla
729 2817 1039 2872 compositione
1073 2816 1276 2859 damnum
1306 2818 1351 2858 in
1371 2817 1466 2859 loco
1487 2817 1698 2870 restituat,
1731 2819 1776 2857 et
1794 2829 1871 2871 pro

390 2874 531 2916 banno
565 2874 816 2930 disciplinae
848 2874 1062 2930 corporali
1093 2874 1327 2916 subiaceat.
1675 2913 1677 2915 .
1909 2886 1942 2910 ιο
