2164 3424
439 250 489 289 ¹6
660 245 809 282 LEGES
833 244 1074 281 SAXONUM
1100 244 1160 280 ΕΤ
1189 244 1283 279 LEX
1311 244 1690 280 THURINGORUM.

478 361 693 403 XXXIII.
727 360 810 409 Qui
840 360 997 403 bovem
1029 359 1300 416 quadrimum

483 419 694 461 XXXIV.
729 417 812 465 Qui
842 419 886 459 in
915 432 1008 460 rem
1040 417 1282 472 alicumque

504 475 694 518 XXXV.
727 475 942 530 Quicquid
971 475 1041 517 vel
1072 489 1156 517 uno
1189 475 1364 517 denario
1397 475 1603 517 furaverit

479 533 691 575 XXXVI.
727 533 811 581 Qui
840 533 1060 575 hominem
1091 533 1133 573 in
1165 533 1288 575 hoste

460 590 695 632 XXXVII.
730 590 813 639 Qui
846 590 1021 632 domum
1053 590 1230 632 alterius
1333 634 1336 637 ,
1974 597 1989 622 ⁵

438 647 699 690 XXXV-III.
734 648 818 696 Qui
850 648 975 690 alteri
1008 647 1156 689 dolose
1189 662 1267 703 per
1299 651 1613 689 sacramentum
1827 654 1829 656 '

482 705 696 747 XXXIX.
731 705 924 747 Uxorem
957 705 1159 747 ducturus

604 763 699 804 XL.
732 762 868 804 Pater
897 766 971 804 aut
1002 766 1142 804 mater
1174 761 1363 804 defuncti

580 821 698 861 XLI.
733 820 817 867 Qui
847 825 1041 862 mortuus
1070 819 1244 861 viduam
1274 818 1497 874 reliquerit

556 877 696 919 XLII.
729 877 814 926 Qui
844 878 1019 919 viduam
1051 877 1236 919 ducerea
1265 877 1370 919 velit
1957 886 1991 911 ιο

532 935 697 976 XLIII.
730 935 814 983 Qui
846 934 1044 976 defuntus
1074 935 1184 976 filios
1215 938 1260 976 et
1289 934 1398 976 filias
1429 948 1514 976 non
1545 933 1756 989 reliquirit

540 992 701 1034 XLIV.
735 992 781 1034 Si
811 992 984 1034 viduam
1014 992 1146 1034 filiam
1178 992 1343 1034 habens

563 1049 700 1091 XLV.
736 1050 820 1098 Qui
850 1049 983 1091 filiam
1015 1049 1125 1091 hanc
1155 1049 1290 1090 filium
1321 1047 1483 1090 habeat
1548 1063 1562 1071 ·

540 1107 699 1148 XLVI.
732 1106 799 1148 De
833 1107 944 1148 dotis
974 1107 1084 1148 ratio

515 1163 700 1206 XLVII.
731 1164 799 1206 De
830 1178 884 1206 eo
917 1163 1032 1219 quod
1062 1163 1153 1204 virb
1187 1166 1231 1204 et
1260 1163 1415 1204 mulier
1446 1162 1572 1204 simul
1603 1163 1908 1218 conquisierint
1957 1171 1991 1197 15

491 1221 699 1263 XLVIII.
735 1221 819 1269 Qui
850 1221 1054 1262 feminam
1088 1220 1142 1262 ab
1173 1220 1258 1261 alio
1291 1219 1596 1276 desponsatam
1626 1221 1818 1276 rapuerit

536 1279 700 1321 XLIX.
735 1279 950 1334 Quicquid
990 1292 1138 1320 servus
1179 1282 1253 1319 aut
1282 1278 1383 1322 litus
1413 1277 1588 1319 iubente
1621 1276 1793 1320 domino
1826 1291 1923 1332 per-

734 1336 969 1390 petraverit
1312 1334 1314 1337 ’

646 1394 696 1435 L.
731 1393 776 1435 Si
806 1394 946 1436 scelus
977 1392 1201 1448 quodlibet
1221 1393 1440 1434 nesciente
1473 1392 1645 1434 domino
1678 1392 1923 1434 conmiserit

551 1454 558 1461 ”’
623 1451 696 1493 LI.
731 1450 775 1493 Si
807 1465 954 1493 servus
986 1453 1237 1506 perpetrato
1270 1449 1651 1504 facinorefug'erit
1955 1455 1990 1481 20

599 1509 696 1550 LII.
731 1508 775 1550 Si
807 1523 954 1550 servus
986 1509 1142 1550 iterum
1175 1521 1201 1549 a
1233 1507 1403 1550 domino
1435 1511 1637 1563 receptus
1667 1507 1797 1549 fuerit

573 1566 694 1608 LIII.
728 1565 772 1607 Si
803 1566 932 1607 arbor
963 1566 1017 1607 ab
1049 1565 1124 1606 illo
1157 1566 1324 1620 preciso

575 1623 692 1666 LIV.
726 1622 771 1665 Si
803 1623 929 1668 arbor
959 1637 1139 1665 accensa
1176 1622 1380 1664 ceciderit

602 1681 694 1722 LV.
728 1681 811 1729 Qui
841 1682 1043 1736 laqueum
1075 1680 1234 1721 fossam

577 1738 694 1779 LVI.
727 1737 772 1779 Si
803 1739 961 1780 animal
993 1737 1186 1793 quolibet
1217 1737 1418 1779 damnum
1536 1787 1541 1791 ι
1960 1742 1996 1768 2⁵

553 1795 694 1836 LVII.
728 1795 773 1837 Si
804 1795 919 1837 fossa
949 1796 1021 1837 uel
1051 1795 1232 1850 laqueus

528 1852 693 1905 LVIII.
728 1852 772 1894 Si
803 1853 965 1895 ferrum
987 1866 1130 1894 ‘manu
1162 1853 1355 1908 elapsum

578 1910 695 1952 LIX.
731 1910 814 1958 Qui
843 1911 885 1952 in
917 1911 1076 1952 fossam
1108 1911 1177 1951 vel
1209 1909 1360 1952 sudem

565 2047 595 2079 a)
616 2047 694 2075 verb.
714 2053 772 2074 aus
792 2047 831 2074 de
850 2054 917 2075 cere
934 2046 990 2079 Sp.
1063 2046 1096 2078 b)
1114 2030 1367 2079 viberauchrielien
1384 2046 1442 2080 Sp.
